@Book{Shu,
    author =       "Shu Lin and Daniel Costello",
    title =        "Error Control Coding",
    subtitle =     "Fundamentals and Applications",
    edition =      "1",
    address =      "Englewood Cliffs",
    publisher =    "Prentice-Hall",
    year =         "{\textcopyright}1983",
    isbn =         "00-13-283796-X",
}

@Book{Shu2,
    author =       "Shu Lin and Daniel Costello",
    title =        "Error Control Coding",
    subtitle =     "Fundamentals and Applications",
    edition =      "2",
    address =      "Upper Saddle River",
    publisher =    "Pearson/Prentice-Hall",
    year =         "2004",
    isbn =         "0-13-017973-6",
}


@Book{Morelos,
    author =       "Robert H Morelos-Zaragoza",
    title =        "The Art of Error Correcting Coding",
    address =      "Chichester",
    publisher =    "Wiley",
    edition =      "2",
    year =         "{\textcopyright}2006",
    isbn =         "978-0-470-01558-2",
}

@MastersThesis{DP1,
    author =      "Jakub Florka",
    type =        "Diplomová práce",
    title =       "BCH kódy",
    school =      "Vysoké učení technické v Brně, Fakulta elektrotechniky a komunikačních technologií",
    year =        "2012",
    location =    "Brno",
    Supervisor =  "Jakub Šedý",
}

@MastersThesis{DP2,
    author =      "Jaroslav Kašpar",
    type =        "Diplomová práce",
    title =       "Zabezpečení přenosu dat BCH kódy",
    school =      "Vysoké učení technické v Brně, Fakulta elektrotechniky a komunikačních technologií",
    year =        "2008",
    location =    "Brno",
    Supervisor =  "Karel Němec",
}

@Article{BCH,
    title =       "On a class of error correcting binary group codes",
    journal =     "Information and Control",
    volume =      "3",
    number =      "1",
    pages =       "68-79",
    year =        "1960",
    issn =        "0019-9958",
    doi =         "10.1016/S0019-9958(60)90287-4",
    url =         "https://doi.org/10.1016/S0019-9958(60)90287-4",
    author =      "R.C. Bose and D.K. Ray-Chaudhuri",
}

@Article{BCHFR,
    title =       "Codes correcteurs d'erreurs",
    author =      "Hocquenghem, Alexis",
    journal =     "Chiffres",
    pages =       "147-156",
    volume =      "2",
    number =      "2",
    month  =      "9",
    year =        "1959"
}

@article{RS,
  title =         "Polynomial Codes Over Certain Finite Fields",
  author =        "Irving S. Reed a Gustave Solomon",
  journal =       "Journal of The Society for Industrial and Applied Mathematics",
  year =          "1960",
  volume =        "8",
  pages =         "300-304"
}

@Webpage{Geeks,
    key =          "sftrengdeepak",
    author =       "sftrengdeepak",
    title =        "What is Reed-Solomon Code?",
    howpublished = "online",
    revised =      "Revidováno 24.2.2022",
    url =          "https://www.geeksforgeeks.org/what-is-reed-solomon-code/",
    cited =        "2023-04-07"
}

@Webpage{tutorial,
    author =       "Rishi Rathor",
    title =        "Error Correcting Codes\,--\, Reed-Solomon codes",
    howpublished = "online",
    revised =      "Revidováno 27.6.2020",
    url =          "https://www.tutorialspoint.com/error-correcting-codes-reed-solomon-codes",
    cited =        "2023-04-07"
}

@MISC{ece,
    author =       "Richard Tervo",
    title =        "Implementation of a (31, 16) BCH code on a Microcontroller",
    howpublished = "online",
    revised =      "Revidováno 8.2.2015",
    url =          "https://www.ece.unb.ca/tervo/ece4253/bch.shtml",
    cited =        "2023-04-07"
}

@Proceedings{ijet,
    key =          "ijet",
    title =        "International Journal of Electronics and Telecommunications",
    year =         {2009-},
    address =      {Varšava},
    publisher =    "Polish Academy of Sciences",
    issn =         "2081-8491"
}
